
   <record>
      <leader>00000nz  a2200000nc 4500</leader>
      <controlfield tag="001">institutions/30006673</controlfield>
      <controlfield tag="003">DE-633</controlfield>
      <controlfield tag="005">20250620052049.0</controlfield>
      <controlfield tag="008">161109||||z|||a|||||||||||||||||n||||||d</controlfield>
      <datafield tag="024" ind1="7" ind2=" ">
         <subfield code="a">B-Abr</subfield>
         <subfield code="q">siglum</subfield>
         <subfield code="2">rism</subfield>
      </datafield>
      <datafield tag="034" ind1="1" ind2=" ">
         <subfield code="d">4.411200</subfield>
         <subfield code="f">51.222561</subfield>
      </datafield>
      <datafield tag="040" ind1=" " ind2=" ">
         <subfield code="a">DE-633</subfield>
         <subfield code="c">DE-633</subfield>
         <subfield code="e">rismg</subfield>
      </datafield>
      <datafield tag="043" ind1=" " ind2=" ">
         <subfield code="c">XA-BE</subfield>
      </datafield>
      <datafield tag="110" ind1="1" ind2=" ">
         <subfield code="a">Bibliotheek van het Ruusbroecgenootschap</subfield>
         <subfield code="c">Antwerpen</subfield>
         <subfield code="g">B-Abr</subfield>
      </datafield>
      <datafield tag="368" ind1=" " ind2=" ">
         <subfield code="a">Institution</subfield>
         <subfield code="a">Library</subfield>
      </datafield>
      <datafield tag="371" ind1=" " ind2=" ">
         <subfield code="a">Stadscampus</subfield>
         <subfield code="a">Bezoek: Grote Kauwenberg 32</subfield>
         <subfield code="a">Post: Prinsstraat 13</subfield>
         <subfield code="b">Antwerpen</subfield>
         <subfield code="c">Vlaanderen</subfield>
         <subfield code="d">Belgium</subfield>
         <subfield code="e">2000</subfield>
         <subfield code="m">erna.vanlooveren@uantwerpen.be</subfield>
         <subfield code="u">https://www.uantwerpen.be/nl/onderzoeksgroep/ruusbroecgenootschap/bibliotheek/</subfield>
         <subfield code="z">tel: +32 / (0)3 / 265 43 67</subfield>
      </datafield>
      <datafield tag="551" ind1="1" ind2=" ">
         <subfield code="a">Antwerpen</subfield>
         <subfield code="0">places/3900411</subfield>
      </datafield>
      <datafield tag="680" ind1="1" ind2=" ">
         <subfield code="a">Fonds and Collections:</subfield>
      </datafield>
      <datafield tag="680" ind1="1" ind2=" ">
         <subfield code="a">Virtuele deelcollectie begijnhoven van het Ruusbroecgenootschap</subfield>
      </datafield>
      <datafield tag="680" ind1="1" ind2=" ">
         <subfield code="a">Deelcollectie (thema liturgica)</subfield>
      </datafield>
   </record>