
   <record>
      <leader>00000nz  a2200000nc 4500</leader>
      <controlfield tag="001">institutions/30077466</controlfield>
      <controlfield tag="003">DE-633</controlfield>
      <controlfield tag="005">20250620052115.0</controlfield>
      <controlfield tag="008">161109||||z|||a|||||||||||||||||n||||||d</controlfield>
      <datafield tag="024" ind1="7" ind2=" ">
         <subfield code="a">139011379</subfield>
         <subfield code="2">VIAF</subfield>
      </datafield>
      <datafield tag="024" ind1="7" ind2=" ">
         <subfield code="a">B-BRsa</subfield>
         <subfield code="q">siglum</subfield>
         <subfield code="2">rism</subfield>
      </datafield>
      <datafield tag="034" ind1="1" ind2=" ">
         <subfield code="d">3.227591</subfield>
         <subfield code="f">51.208406</subfield>
      </datafield>
      <datafield tag="040" ind1=" " ind2=" ">
         <subfield code="a">DE-633</subfield>
         <subfield code="c">DE-633</subfield>
         <subfield code="e">rismg</subfield>
      </datafield>
      <datafield tag="043" ind1=" " ind2=" ">
         <subfield code="c">XA-BE</subfield>
      </datafield>
      <datafield tag="110" ind1="1" ind2=" ">
         <subfield code="a">Stadsarchief</subfield>
         <subfield code="c">Brugge</subfield>
         <subfield code="g">B-BRsa</subfield>
      </datafield>
      <datafield tag="368" ind1=" " ind2=" ">
         <subfield code="a">Institution</subfield>
         <subfield code="a">Library</subfield>
         <subfield code="a">Archive</subfield>
      </datafield>
      <datafield tag="371" ind1=" " ind2=" ">
         <subfield code="a">Burg 11 bus A</subfield>
         <subfield code="b">Brugge</subfield>
         <subfield code="c">Vlaanderen</subfield>
         <subfield code="d">Belgium</subfield>
         <subfield code="e">8000</subfield>
         <subfield code="m">stadsarchief@brugge.be</subfield>
         <subfield code="u">https://www.brugge.be/archief</subfield>
         <subfield code="z">tel: +32 / (0)50 / 44 82 60</subfield>
      </datafield>
      <datafield tag="551" ind1="1" ind2=" ">
         <subfield code="a">Brugge</subfield>
         <subfield code="0">places/3902903</subfield>
      </datafield>
      <datafield tag="680" ind1="1" ind2=" ">
         <subfield code="a">Virtuele deelcollectie muziekhandschriften en -fragmenten van het Stadsarchief in Brugge</subfield>
      </datafield>
   </record>