
   <record>
      <leader>00000nz  a2200000nc 4500</leader>
      <controlfield tag="001">institutions/51008169</controlfield>
      <controlfield tag="003">DE-633</controlfield>
      <controlfield tag="005">20250620052320.0</controlfield>
      <controlfield tag="008">240813||||z|||a|||||||||||||||||n||||||d</controlfield>
      <datafield tag="024" ind1="7" ind2=" ">
         <subfield code="a">147081693</subfield>
         <subfield code="2">VIAF</subfield>
      </datafield>
      <datafield tag="024" ind1="7" ind2=" ">
         <subfield code="a">1000285-6</subfield>
         <subfield code="2">DNB</subfield>
      </datafield>
      <datafield tag="024" ind1="7" ind2=" ">
         <subfield code="a">Q96998633</subfield>
         <subfield code="2">WKP</subfield>
      </datafield>
      <datafield tag="024" ind1="7" ind2=" ">
         <subfield code="a">B-Baml</subfield>
         <subfield code="q">siglum</subfield>
         <subfield code="2">rism</subfield>
      </datafield>
      <datafield tag="034" ind1="1" ind2=" ">
         <subfield code="d">4.35509887217291</subfield>
         <subfield code="f">50.84354556814565</subfield>
      </datafield>
      <datafield tag="040" ind1=" " ind2=" ">
         <subfield code="a">DE-633</subfield>
         <subfield code="c">DE-633</subfield>
         <subfield code="e">rismg</subfield>
      </datafield>
      <datafield tag="043" ind1=" " ind2=" ">
         <subfield code="c">XA-BE</subfield>
      </datafield>
      <datafield tag="110" ind1="1" ind2=" ">
         <subfield code="a">Archives et Musée de la littérature (AML)</subfield>
         <subfield code="c">Bruxelles</subfield>
         <subfield code="g">B-Baml</subfield>
      </datafield>
      <datafield tag="368" ind1=" " ind2=" ">
         <subfield code="a">Institution</subfield>
         <subfield code="a">Archive</subfield>
         <subfield code="a">Library</subfield>
         <subfield code="a">Museum</subfield>
      </datafield>
      <datafield tag="371" ind1=" " ind2=" ">
         <subfield code="a">4, bd de l’Empereur</subfield>
         <subfield code="b">Bruxelles</subfield>
         <subfield code="d">Belgique</subfield>
         <subfield code="e">1000</subfield>
         <subfield code="m">info@aml-cfwb.be</subfield>
         <subfield code="u">https://aml-cfwb.be/</subfield>
      </datafield>
      <datafield tag="551" ind1="1" ind2=" ">
         <subfield code="a">Bruxelles</subfield>
         <subfield code="0">places/3900917</subfield>
      </datafield>
   </record>