
   <record>
      <leader>00000nz  a2200000nc 4500</leader>
      <controlfield tag="001">institutions/30003231</controlfield>
      <controlfield tag="003">DE-633</controlfield>
      <controlfield tag="005">20250620052019.0</controlfield>
      <controlfield tag="008">161109||||z|||a|||||||||||||||||n||||||d</controlfield>
      <datafield tag="024" ind1="7" ind2=" ">
         <subfield code="a">B-Bg</subfield>
         <subfield code="q">siglum</subfield>
         <subfield code="2">rism</subfield>
      </datafield>
      <datafield tag="040" ind1=" " ind2=" ">
         <subfield code="a">DE-633</subfield>
         <subfield code="c">DE-633</subfield>
         <subfield code="e">rismg</subfield>
      </datafield>
      <datafield tag="043" ind1=" " ind2=" ">
         <subfield code="c">XA-BE</subfield>
      </datafield>
      <datafield tag="110" ind1="1" ind2=" ">
         <subfield code="a">Cathedralis SS. Michaelis et Gudulae</subfield>
         <subfield code="c">Bruxelles</subfield>
         <subfield code="g">B-Bg</subfield>
      </datafield>
      <datafield tag="368" ind1=" " ind2=" ">
         <subfield code="a">Library</subfield>
      </datafield>
      <datafield tag="368" ind1=" " ind2=" ">
         <subfield code="a">Institution</subfield>
      </datafield>
      <datafield tag="410" ind1=" " ind2=" ">
         <subfield code="a">Cathédrale des Saints Michel et Gudule</subfield>
      </datafield>
      <datafield tag="410" ind1=" " ind2=" ">
         <subfield code="a">Sint-Michiels en Sint Goedelekathedraal</subfield>
      </datafield>
      <datafield tag="410" ind1=" " ind2=" ">
         <subfield code="a">Kathedrale St. Michael und St. Gudula</subfield>
      </datafield>
      <datafield tag="551" ind1="1" ind2=" ">
         <subfield code="a">Bruxelles</subfield>
         <subfield code="0">places/3900917</subfield>
      </datafield>
      <datafield tag="580" ind1="1" ind2=" ">
         <subfield code="x">B-Br</subfield>
         <subfield code="0">institutions/30000440</subfield>
      </datafield>
      <datafield tag="580" ind1="1" ind2=" ">
         <subfield code="x">B-Bc</subfield>
         <subfield code="0">institutions/30000438</subfield>
      </datafield>
   </record>