
   <record>
      <leader>00000nz  a2200000nc 4500</leader>
      <controlfield tag="001">institutions/51003401</controlfield>
      <controlfield tag="003">DE-633</controlfield>
      <controlfield tag="005">20250620052250.0</controlfield>
      <controlfield tag="008">191017||||z|||a|||||||||||||||||n||||||d</controlfield>
      <datafield tag="024" ind1="7" ind2=" ">
         <subfield code="a">B-Btm</subfield>
         <subfield code="q">siglum</subfield>
         <subfield code="2">rism</subfield>
      </datafield>
      <datafield tag="034" ind1="1" ind2=" ">
         <subfield code="d">4.355033</subfield>
         <subfield code="f">50.849538</subfield>
      </datafield>
      <datafield tag="040" ind1=" " ind2=" ">
         <subfield code="a">DE-633</subfield>
         <subfield code="c">DE-633</subfield>
         <subfield code="e">rismg</subfield>
      </datafield>
      <datafield tag="043" ind1=" " ind2=" ">
         <subfield code="c">XA-BE</subfield>
      </datafield>
      <datafield tag="110" ind1="1" ind2=" ">
         <subfield code="a">Théâtre Royal de la Monnaie, Archive et Gestion des Collections</subfield>
         <subfield code="c">Bruxelles</subfield>
         <subfield code="g">B-Btm</subfield>
      </datafield>
      <datafield tag="368" ind1=" " ind2=" ">
         <subfield code="a">Institution</subfield>
         <subfield code="a">Library</subfield>
         <subfield code="a">Archive</subfield>
      </datafield>
      <datafield tag="371" ind1=" " ind2=" ">
         <subfield code="a">23, rue Léopold</subfield>
         <subfield code="a">Leopoldstraat 23</subfield>
         <subfield code="b">Bruxelles</subfield>
         <subfield code="b">Brussel</subfield>
         <subfield code="d">Belgium</subfield>
         <subfield code="e">1000</subfield>
         <subfield code="m">archives@demunt.be</subfield>
         <subfield code="u">https://www.lamonnaie.be</subfield>
      </datafield>
      <datafield tag="410" ind1=" " ind2=" ">
         <subfield code="a">De Koninklijke Muntschouwburg, Archief en collectiebeheer</subfield>
      </datafield>
      <datafield tag="551" ind1="1" ind2=" ">
         <subfield code="a">Bruxelles</subfield>
         <subfield code="0">places/3900917</subfield>
      </datafield>
   </record>