
   <record>
      <leader>00000nz  a2200000nc 4500</leader>
      <controlfield tag="001">institutions/51003707</controlfield>
      <controlfield tag="003">DE-633</controlfield>
      <controlfield tag="005">20250620052252.0</controlfield>
      <controlfield tag="008">200123||||z|||a|||||||||||||||||n||||||d</controlfield>
      <datafield tag="024" ind1="7" ind2=" ">
         <subfield code="a">129279013</subfield>
         <subfield code="2">VIAF</subfield>
      </datafield>
      <datafield tag="024" ind1="7" ind2=" ">
         <subfield code="a">Q2289519</subfield>
         <subfield code="2">WKP</subfield>
      </datafield>
      <datafield tag="024" ind1="7" ind2=" ">
         <subfield code="a">B-Goi</subfield>
         <subfield code="q">siglum</subfield>
         <subfield code="2">rism</subfield>
      </datafield>
      <datafield tag="034" ind1="1" ind2=" ">
         <subfield code="d">3.722822</subfield>
         <subfield code="f">51.051634</subfield>
      </datafield>
      <datafield tag="040" ind1=" " ind2=" ">
         <subfield code="a">DE-633</subfield>
         <subfield code="c">DE-633</subfield>
         <subfield code="e">rismg</subfield>
      </datafield>
      <datafield tag="043" ind1=" " ind2=" ">
         <subfield code="c">XA-BE</subfield>
      </datafield>
      <datafield tag="110" ind1="1" ind2=" ">
         <subfield code="a">Orpheus Instituut, Bibliotheek</subfield>
         <subfield code="c">Gent</subfield>
         <subfield code="g">B-Goi</subfield>
      </datafield>
      <datafield tag="368" ind1=" " ind2=" ">
         <subfield code="a">Institution</subfield>
         <subfield code="a">Library</subfield>
      </datafield>
      <datafield tag="371" ind1=" " ind2=" ">
         <subfield code="a">Korte Meer 12</subfield>
         <subfield code="b">Ghent</subfield>
         <subfield code="c">Vlaanderen</subfield>
         <subfield code="d">Belgium</subfield>
         <subfield code="e">9000</subfield>
         <subfield code="m">info@orpheusinstituut.be</subfield>
         <subfield code="u">https://orpheusinstituut.be/en/about-us/library</subfield>
         <subfield code="z">tel: +32 / (0)9 / 330 40 81</subfield>
      </datafield>
      <datafield tag="410" ind1=" " ind2=" ">
         <subfield code="a">Orpheus Institute, Library</subfield>
      </datafield>
      <datafield tag="410" ind1=" " ind2=" ">
         <subfield code="a">Orpheus Research Centre</subfield>
      </datafield>
      <datafield tag="410" ind1=" " ind2=" ">
         <subfield code="a">Hoger Instituut voor Muziek</subfield>
      </datafield>
      <datafield tag="551" ind1="1" ind2=" ">
         <subfield code="a">Gent</subfield>
         <subfield code="0">places/3901175</subfield>
      </datafield>
      <datafield tag="678" ind1="1" ind2=" ">
         <subfield code="a">The institute was founded in 1996.</subfield>
      </datafield>
   </record>