
   <record>
      <leader>00000nz  a2200000nc 4500</leader>
      <controlfield tag="001">institutions/30077198</controlfield>
      <controlfield tag="003">DE-633</controlfield>
      <controlfield tag="005">20250620052114.0</controlfield>
      <controlfield tag="008">161109||||z|||a|||||||||||||||||n||||||d</controlfield>
      <datafield tag="024" ind1="7" ind2=" ">
         <subfield code="a">130802480</subfield>
         <subfield code="2">VIAF</subfield>
      </datafield>
      <datafield tag="024" ind1="7" ind2=" ">
         <subfield code="a">B-Gra</subfield>
         <subfield code="q">siglum</subfield>
         <subfield code="2">rism</subfield>
      </datafield>
      <datafield tag="034" ind1="1" ind2=" ">
         <subfield code="d">3.722901</subfield>
         <subfield code="f">51.047510</subfield>
      </datafield>
      <datafield tag="040" ind1=" " ind2=" ">
         <subfield code="a">DE-633</subfield>
         <subfield code="c">DE-633</subfield>
         <subfield code="e">rismg</subfield>
      </datafield>
      <datafield tag="043" ind1=" " ind2=" ">
         <subfield code="c">XA-BE</subfield>
      </datafield>
      <datafield tag="110" ind1="1" ind2=" ">
         <subfield code="a">Rijksarchief</subfield>
         <subfield code="c">Gent</subfield>
         <subfield code="g">B-Gra</subfield>
      </datafield>
      <datafield tag="368" ind1=" " ind2=" ">
         <subfield code="a">Institution</subfield>
         <subfield code="a">Library</subfield>
         <subfield code="a">Archive</subfield>
      </datafield>
      <datafield tag="371" ind1=" " ind2=" ">
         <subfield code="a">Bagattenstraat 43</subfield>
         <subfield code="b">Gent</subfield>
         <subfield code="c">Vlaanderen</subfield>
         <subfield code="d">Belgium</subfield>
         <subfield code="e">9000</subfield>
         <subfield code="m">rijksarchief.gent@arch.be</subfield>
         <subfield code="u">http://arch.arch.be/</subfield>
         <subfield code="z">tel: +32 / (0)9 / 265 76 70</subfield>
         <subfield code="z">fax: +32 / (0)9 / 265 76 79</subfield>
      </datafield>
      <datafield tag="551" ind1="1" ind2=" ">
         <subfield code="a">Gent</subfield>
         <subfield code="0">places/3901175</subfield>
      </datafield>
      <datafield tag="670" ind1="1" ind2=" ">
         <subfield code="a">Inventaris Sint-Agnes 1988</subfield>
         <subfield code="0">publications/41000279</subfield>
      </datafield>
      <datafield tag="670" ind1="1" ind2=" ">
         <subfield code="a">InventarisAugustijnenklooster 1988</subfield>
         <subfield code="0">publications/41000278</subfield>
      </datafield>
      <datafield tag="670" ind1="1" ind2=" ">
         <subfield code="a">AdaertG 1976</subfield>
         <subfield code="0">publications/41000277</subfield>
      </datafield>
      <datafield tag="670" ind1="1" ind2=" ">
         <subfield code="a">BouckaertB 1995</subfield>
         <subfield code="0">publications/41000269</subfield>
      </datafield>
      <datafield tag="670" ind1="1" ind2=" ">
         <subfield code="a">Coppejans-DesmedtD 1965</subfield>
         <subfield code="0">publications/41000276</subfield>
      </datafield>
      <datafield tag="670" ind1="1" ind2=" ">
         <subfield code="a">DenysA 1975</subfield>
         <subfield code="0">publications/41000275</subfield>
      </datafield>
      <datafield tag="678" ind1="1" ind2=" ">
         <subfield code="a">The Rijksarchief was housed in the Geeraard de Duivelsteen from 1904 until 2014. In 2012 a new building was constructed in the Bagattenstraat to house the archive.</subfield>
      </datafield>
   </record>