
   <record>
      <leader>00000nz  a2200000nc 4500</leader>
      <controlfield tag="001">institutions/30000446</controlfield>
      <controlfield tag="003">DE-633</controlfield>
      <controlfield tag="005">20250620051955.0</controlfield>
      <controlfield tag="008">161109||||z|||a|||||||||||||||||n||||||d</controlfield>
      <datafield tag="024" ind1="7" ind2=" ">
         <subfield code="a">B-Gu</subfield>
         <subfield code="q">siglum</subfield>
         <subfield code="2">rism</subfield>
      </datafield>
      <datafield tag="034" ind1="1" ind2=" ">
         <subfield code="d">3.725937</subfield>
         <subfield code="f">51.045028</subfield>
      </datafield>
      <datafield tag="040" ind1=" " ind2=" ">
         <subfield code="a">DE-633</subfield>
         <subfield code="c">DE-633</subfield>
         <subfield code="e">rismg</subfield>
      </datafield>
      <datafield tag="043" ind1=" " ind2=" ">
         <subfield code="c">XA-BE</subfield>
      </datafield>
      <datafield tag="110" ind1="1" ind2=" ">
         <subfield code="a">Universiteitsbibliotheek</subfield>
         <subfield code="c">Gent</subfield>
         <subfield code="g">B-Gu</subfield>
      </datafield>
      <datafield tag="368" ind1=" " ind2=" ">
         <subfield code="a">Institution</subfield>
         <subfield code="a">Library</subfield>
      </datafield>
      <datafield tag="371" ind1=" " ind2=" ">
         <subfield code="a">Rozier 9</subfield>
         <subfield code="b">Gent</subfield>
         <subfield code="c">Vlaanderen</subfield>
         <subfield code="d">Belgium</subfield>
         <subfield code="e">9000</subfield>
         <subfield code="m">tentoonstellingen@mail.lib.ugent.be</subfield>
         <subfield code="u">https://www.ugent.be/nl/univgent/voorzieningen/bibliotheek</subfield>
         <subfield code="z">contact: Femke Van der Fraenen</subfield>
         <subfield code="z">tel: +32 / (0)9 / 264 94 55</subfield>
      </datafield>
      <datafield tag="410" ind1=" " ind2=" ">
         <subfield code="a">Rijksuniversiteit, Centrale Bibliotheek</subfield>
      </datafield>
      <datafield tag="551" ind1="1" ind2=" ">
         <subfield code="a">Gent</subfield>
         <subfield code="0">places/3901175</subfield>
      </datafield>
      <datafield tag="667" ind1=" " ind2=" ">
         <subfield code="a">Published sources: 88</subfield>
      </datafield>
   </record>