
   <record>
      <leader>00000nz  a2200000nc 4500</leader>
      <controlfield tag="001">institutions/51000182</controlfield>
      <controlfield tag="003">DE-633</controlfield>
      <controlfield tag="005">20250620052235.0</controlfield>
      <controlfield tag="008">170216||||z|||a|||||||||||||||||n||||||d</controlfield>
      <datafield tag="024" ind1="7" ind2=" ">
         <subfield code="a">BE-KOK00</subfield>
         <subfield code="2">ISIL</subfield>
      </datafield>
      <datafield tag="024" ind1="7" ind2=" ">
         <subfield code="a">139019088</subfield>
         <subfield code="2">VIAF</subfield>
      </datafield>
      <datafield tag="024" ind1="7" ind2=" ">
         <subfield code="a">1099298-4</subfield>
         <subfield code="2">DNB</subfield>
      </datafield>
      <datafield tag="024" ind1="7" ind2=" ">
         <subfield code="a">B-Kob</subfield>
         <subfield code="q">siglum</subfield>
         <subfield code="2">rism</subfield>
      </datafield>
      <datafield tag="034" ind1="1" ind2=" ">
         <subfield code="d">3.264769</subfield>
         <subfield code="f">50.829002</subfield>
      </datafield>
      <datafield tag="040" ind1=" " ind2=" ">
         <subfield code="a">DE-633</subfield>
         <subfield code="c">DE-633</subfield>
         <subfield code="e">rismg</subfield>
      </datafield>
      <datafield tag="043" ind1=" " ind2=" ">
         <subfield code="c">XA-BE</subfield>
      </datafield>
      <datafield tag="110" ind1="1" ind2=" ">
         <subfield code="a">Openbare Bibliotheek</subfield>
         <subfield code="c">Kortrijk</subfield>
         <subfield code="g">B-Kob</subfield>
      </datafield>
      <datafield tag="368" ind1=" " ind2=" ">
         <subfield code="a">Institution</subfield>
         <subfield code="a">Library</subfield>
      </datafield>
      <datafield tag="371" ind1=" " ind2=" ">
         <subfield code="a">Leiestraat 30</subfield>
         <subfield code="b">Kortrijk</subfield>
         <subfield code="c">West-Vlaanderen</subfield>
         <subfield code="c">Vlaanderen</subfield>
         <subfield code="d">Belgium</subfield>
         <subfield code="e">8500</subfield>
         <subfield code="m">bibliotheek@kortrijk.be</subfield>
         <subfield code="u">http://www.kortrijk.be/bibliotheek</subfield>
         <subfield code="z">tel: +32 / (0)56 / 27 75 00</subfield>
      </datafield>
      <datafield tag="510" ind1="1" ind2=" ">
         <subfield code="a">Centrale Bibliotheek</subfield>
      </datafield>
      <datafield tag="551" ind1="1" ind2=" ">
         <subfield code="a">Kortrijk</subfield>
         <subfield code="0">places/3902905</subfield>
      </datafield>
      <datafield tag="680" ind1="1" ind2=" ">
         <subfield code="a">A Carthusian gradual from 1506 is to be found under the shelfmark Goethals-Vercruyssefons 41.</subfield>
      </datafield>
   </record>