
   <record>
      <leader>00000nz  a2200000nc 4500</leader>
      <controlfield tag="001">institutions/51009057</controlfield>
      <controlfield tag="003">DE-633</controlfield>
      <controlfield tag="005">20250924140005.0</controlfield>
      <controlfield tag="008">250924||||z|||a|||||||||||||||||n||||||d</controlfield>
      <datafield tag="024" ind1="7" ind2=" ">
         <subfield code="a">124169016</subfield>
         <subfield code="2">VIAF</subfield>
      </datafield>
      <datafield tag="024" ind1="7" ind2=" ">
         <subfield code="a">10140703-8</subfield>
         <subfield code="2">DNB</subfield>
      </datafield>
      <datafield tag="024" ind1="7" ind2=" ">
         <subfield code="a">Q104905079</subfield>
         <subfield code="2">WKP</subfield>
      </datafield>
      <datafield tag="024" ind1="7" ind2=" ">
         <subfield code="a">B-LVmsb</subfield>
         <subfield code="q">siglum</subfield>
         <subfield code="2">rism</subfield>
      </datafield>
      <datafield tag="034" ind1="1" ind2=" ">
         <subfield code="d">4.70216610292421</subfield>
         <subfield code="f">50.876037051637546</subfield>
      </datafield>
      <datafield tag="040" ind1=" " ind2=" ">
         <subfield code="a">DE-633</subfield>
         <subfield code="c">DE-633</subfield>
         <subfield code="e">rismg</subfield>
      </datafield>
      <datafield tag="043" ind1=" " ind2=" ">
         <subfield code="c">XA-BE</subfield>
      </datafield>
      <datafield tag="110" ind1="1" ind2=" ">
         <subfield code="a">Faculteit Theologie en Religiewetenschappen - Maurits Sabbebibliotheek (MSB)</subfield>
         <subfield code="c">Leuven</subfield>
         <subfield code="g">B-LVmsb</subfield>
      </datafield>
      <datafield tag="368" ind1=" " ind2=" ">
         <subfield code="a">Institution</subfield>
         <subfield code="a">Library</subfield>
      </datafield>
      <datafield tag="371" ind1=" " ind2=" ">
         <subfield code="a">Charles Deberiotstraat 26</subfield>
         <subfield code="b">Leuven</subfield>
         <subfield code="d">Belgium</subfield>
         <subfield code="e">3000</subfield>
         <subfield code="m">gbib@kuleuven.be</subfield>
         <subfield code="u">https://bib.kuleuven.be/msb</subfield>
         <subfield code="z">tel: +32 / 16 32 38 44</subfield>
      </datafield>
      <datafield tag="410" ind1=" " ind2=" ">
         <subfield code="a">Faculty of Theology and Religious Studies - Maurits Sabbe Library</subfield>
      </datafield>
      <datafield tag="510" ind1="2" ind2=" ">
         <subfield code="a">Katholieke Universiteit Leuven</subfield>
         <subfield code="i">rdaa:P50008</subfield>
      </datafield>
      <datafield tag="551" ind1="1" ind2=" ">
         <subfield code="a">Leuven</subfield>
         <subfield code="0">places/3901393</subfield>
      </datafield>
   </record>