
   <record>
      <leader>00000nz  a2200000nc 4500</leader>
      <controlfield tag="001">institutions/51001860</controlfield>
      <controlfield tag="003">DE-633</controlfield>
      <controlfield tag="005">20250620052241.0</controlfield>
      <controlfield tag="008">180924||||z|||a|||||||||||||||||n||||||d</controlfield>
      <datafield tag="024" ind1="7" ind2=" ">
         <subfield code="a">B-LVr</subfield>
         <subfield code="q">siglum</subfield>
         <subfield code="2">rism</subfield>
      </datafield>
      <datafield tag="040" ind1=" " ind2=" ">
         <subfield code="a">DE-633</subfield>
         <subfield code="c">DE-633</subfield>
         <subfield code="e">rismg</subfield>
      </datafield>
      <datafield tag="043" ind1=" " ind2=" ">
         <subfield code="c">XA-BE</subfield>
      </datafield>
      <datafield tag="110" ind1="1" ind2=" ">
         <subfield code="a">Resonant - Centrum Muzikaal Erfgoed</subfield>
         <subfield code="c">Leuven</subfield>
         <subfield code="g">B-LVr</subfield>
      </datafield>
      <datafield tag="368" ind1=" " ind2=" ">
         <subfield code="a">Institution</subfield>
         <subfield code="a">Library</subfield>
         <subfield code="a">Documentation center</subfield>
      </datafield>
      <datafield tag="551" ind1="1" ind2=" ">
         <subfield code="a">Leuven</subfield>
         <subfield code="0">places/3901393</subfield>
      </datafield>
      <datafield tag="580" ind1="1" ind2=" ">
         <subfield code="x">B-MEc</subfield>
         <subfield code="0">institutions/51004139</subfield>
      </datafield>
      <datafield tag="678" ind1="1" ind2=" ">
         <subfield code="a">2019: De twee expertisecentra Resonant en Het Firmament fuseren tot CEMPER: Centrum voor Muziek- en Podiumerfgoed. CEMPER adviseert, begeleidt en ondersteunt iedereen die met het cultureel erfgoed van muziek, theater en dans in aanraking komt.</subfield>
      </datafield>
      <datafield tag="678" ind1="1" ind2=" ">
         <subfield code="a">In 2019 Resonant and Het Firmament have merged into one organisation called Cemper.</subfield>
      </datafield>
      <datafield tag="856" ind1="1" ind2=" ">
         <subfield code="u">http://www.muzikaalerfgoed.be/alleen-nieuws/724-resonant-werd-cemper</subfield>
         <subfield code="z">About the merger of Resonant and Het Firmament</subfield>
      </datafield>
   </record>