
   <record>
      <leader>00000nz  a2200000nc 4500</leader>
      <controlfield tag="001">institutions/30006461</controlfield>
      <controlfield tag="003">DE-633</controlfield>
      <controlfield tag="005">20250620052048.0</controlfield>
      <controlfield tag="008">161109||||z|||a|||||||||||||||||n||||||d</controlfield>
      <datafield tag="024" ind1="7" ind2=" ">
         <subfield code="a">B-MEjd</subfield>
         <subfield code="q">siglum</subfield>
         <subfield code="2">rism</subfield>
      </datafield>
      <datafield tag="034" ind1="1" ind2=" ">
         <subfield code="d">4.481107</subfield>
         <subfield code="f">51.026098</subfield>
      </datafield>
      <datafield tag="040" ind1=" " ind2=" ">
         <subfield code="a">DE-633</subfield>
         <subfield code="c">DE-633</subfield>
         <subfield code="e">rismg</subfield>
      </datafield>
      <datafield tag="043" ind1=" " ind2=" ">
         <subfield code="c">XA-BE</subfield>
      </datafield>
      <datafield tag="110" ind1="1" ind2=" ">
         <subfield code="a">Koninklijke Beiaardschool Jef Denyn, Archief en Collectie</subfield>
         <subfield code="c">Mechelen</subfield>
         <subfield code="g">B-MEjd</subfield>
      </datafield>
      <datafield tag="368" ind1=" " ind2=" ">
         <subfield code="a">Institution</subfield>
         <subfield code="a">Library</subfield>
         <subfield code="a">Archive</subfield>
      </datafield>
      <datafield tag="371" ind1=" " ind2=" ">
         <subfield code="a">Bruul 52 – bus 5</subfield>
         <subfield code="b">Mechelen</subfield>
         <subfield code="c">Vlaanderen</subfield>
         <subfield code="d">Belgium</subfield>
         <subfield code="e">2800</subfield>
         <subfield code="m">beiaardschool@mechelen.be</subfield>
         <subfield code="u">http://beiaardschool.mechelen.be/</subfield>
         <subfield code="z">tel: +32/ (0)15 / 20 47 92</subfield>
      </datafield>
      <datafield tag="510" ind1="1" ind2=" ">
         <subfield code="a">Royal Carillon School Jef Denyn, Archives and Collection</subfield>
      </datafield>
      <datafield tag="551" ind1="1" ind2=" ">
         <subfield code="a">Mechelen</subfield>
         <subfield code="0">places/3902908</subfield>
      </datafield>
      <datafield tag="680" ind1="1" ind2=" ">
         <subfield code="a">Das Archiv der Königlichen Glockenspielschule umfasst eine umfangreiche Sammlung von historischen Handschriften, Partituren, Nachlässen, Filmen, Personalakten, Fotos und Presseberichten mit Bezug zur Geschichte der Glockenspielkunst. Im Jahre 1997 wurde das Archiv mit Ausnahme der Glockenspielnoten fast vollständig in das Stadtarchiv von Mechelen überführt. Anfragen können in Absprache mit Herrn Direktor Koen Cosaert erfolgen. Daneben verfügt die Schule über eine umfangreiche Bibliothek mit Publikationen aus der Zeit ab dem 17. Jahrhundert. Das Museum der Schule umfasst etwa 600 Exponate, welche im Stadtmuseum "Hof van Busleyden" untergebracht sind. Aufgrund von Baumaßnahmen ist das Museum zur Zeit nicht zugänglich. Archiv von der KBS auf http://www.archiefbank.be</subfield>
      </datafield>
      <datafield tag="680" ind1="1" ind2=" ">
         <subfield code="a">Fonds and Collections:</subfield>
      </datafield>
      <datafield tag="680" ind1="1" ind2=" ">
         <subfield code="a">Archief van Staf Nees</subfield>
      </datafield>
      <datafield tag="680" ind1="1" ind2=" ">
         <subfield code="a">Archief van Piet van den Broek</subfield>
      </datafield>
      <datafield tag="680" ind1="1" ind2=" ">
         <subfield code="a">Archief van Adriaan de Groot</subfield>
      </datafield>
      <datafield tag="680" ind1="1" ind2=" ">
         <subfield code="a">Archief van Chris Vanden Boom</subfield>
      </datafield>
      <datafield tag="680" ind1="1" ind2=" ">
         <subfield code="a">Archief van Gustaaf Van der Weyden</subfield>
      </datafield>
      <datafield tag="680" ind1="1" ind2=" ">
         <subfield code="a">Archief van Marcel Verbist</subfield>
      </datafield>
   </record>