
   <record>
      <leader>00000nz  a2200000nc 4500</leader>
      <controlfield tag="001">institutions/30078188</controlfield>
      <controlfield tag="003">DE-633</controlfield>
      <controlfield tag="005">20250620052118.0</controlfield>
      <controlfield tag="008">161109||||z|||a|||||||||||||||||n||||||d</controlfield>
      <datafield tag="024" ind1="7" ind2=" ">
         <subfield code="a">B-Mbu</subfield>
         <subfield code="q">siglum</subfield>
         <subfield code="2">rism</subfield>
      </datafield>
      <datafield tag="040" ind1=" " ind2=" ">
         <subfield code="a">DE-633</subfield>
         <subfield code="c">DE-633</subfield>
         <subfield code="e">rismg</subfield>
      </datafield>
      <datafield tag="043" ind1=" " ind2=" ">
         <subfield code="c">XA-BE</subfield>
      </datafield>
      <datafield tag="110" ind1="1" ind2=" ">
         <subfield code="a">Université de Mons, Bibliothèque central</subfield>
         <subfield code="c">Mons</subfield>
         <subfield code="g">B-Mbu</subfield>
      </datafield>
      <datafield tag="368" ind1=" " ind2=" ">
         <subfield code="a">Institution</subfield>
      </datafield>
      <datafield tag="368" ind1=" " ind2=" ">
         <subfield code="a">Library</subfield>
      </datafield>
      <datafield tag="371" ind1=" " ind2=" ">
         <subfield code="a">Université de Mons, Bibliothèque central, rue Marguerite Bervoets, 2, 7000  Mons, Belgium</subfield>
         <subfield code="u">http://portail.umons.ac.be/FR/universite/admin/biblio/bibliotheques_UMONS/bibliotheque_centrale/Pages/default.aspx</subfield>
      </datafield>
      <datafield tag="551" ind1="1" ind2=" ">
         <subfield code="a">Mons</subfield>
         <subfield code="0">places/3900401</subfield>
      </datafield>
   </record>