
   <record>
      <leader>00000nz  a2200000nc 4500</leader>
      <controlfield tag="001">institutions/51006402</controlfield>
      <controlfield tag="003">DE-633</controlfield>
      <controlfield tag="005">20250620052308.0</controlfield>
      <controlfield tag="008">220509||||z|||a|||||||||||||||||n||||||d</controlfield>
      <datafield tag="024" ind1="7" ind2=" ">
         <subfield code="a">128768800</subfield>
         <subfield code="2">VIAF</subfield>
      </datafield>
      <datafield tag="024" ind1="7" ind2=" ">
         <subfield code="a">B-Nma</subfield>
         <subfield code="q">siglum</subfield>
         <subfield code="2">rism</subfield>
      </datafield>
      <datafield tag="040" ind1=" " ind2=" ">
         <subfield code="a">DE-633</subfield>
         <subfield code="c">DE-633</subfield>
         <subfield code="e">rismg</subfield>
      </datafield>
      <datafield tag="043" ind1=" " ind2=" ">
         <subfield code="c">XA-BE</subfield>
      </datafield>
      <datafield tag="110" ind1="1" ind2=" ">
         <subfield code="a">Musée archéologique</subfield>
         <subfield code="c">Namur</subfield>
         <subfield code="g">B-Nma</subfield>
      </datafield>
      <datafield tag="368" ind1=" " ind2=" ">
         <subfield code="a">Institution</subfield>
         <subfield code="a">Library</subfield>
         <subfield code="a">Museum</subfield>
      </datafield>
      <datafield tag="371" ind1=" " ind2=" ">
         <subfield code="a">Rue Joseph Saintraint 7</subfield>
         <subfield code="b">5000 Namur</subfield>
         <subfield code="d">Belgium</subfield>
         <subfield code="m">man@ville.namur.be</subfield>
         <subfield code="u">https://www.namur.be/fr/annuaire/administration-communale-de-namur/departement-de-leducation-et-des-loisirs-del/culture/les-bateliers/musee-archeologique-de-namur</subfield>
         <subfield code="z">tel: +32 / (0)81 / 24 87 20</subfield>
      </datafield>
      <datafield tag="551" ind1="1" ind2=" ">
         <subfield code="a">Namur</subfield>
         <subfield code="0">places/3901569</subfield>
      </datafield>
   </record>