
   <record>
      <leader>00000nz  a2200000nc 4500</leader>
      <controlfield tag="001">institutions/51007635</controlfield>
      <controlfield tag="003">DE-633</controlfield>
      <controlfield tag="005">20250620052316.0</controlfield>
      <controlfield tag="008">231212||||z|||a|||||||||||||||||n||||||d</controlfield>
      <datafield tag="024" ind1="7" ind2=" ">
         <subfield code="a">7623159248558104870006</subfield>
         <subfield code="2">VIAF</subfield>
      </datafield>
      <datafield tag="024" ind1="7" ind2=" ">
         <subfield code="a">Q41793682</subfield>
         <subfield code="2">WKP</subfield>
      </datafield>
      <datafield tag="024" ind1="7" ind2=" ">
         <subfield code="a">B-OUsta</subfield>
         <subfield code="q">siglum</subfield>
         <subfield code="2">rism</subfield>
      </datafield>
      <datafield tag="034" ind1="1" ind2=" ">
         <subfield code="d">3.242449979552751</subfield>
         <subfield code="f">50.849651413154724</subfield>
      </datafield>
      <datafield tag="040" ind1=" " ind2=" ">
         <subfield code="a">DE-633</subfield>
         <subfield code="c">DE-633</subfield>
         <subfield code="e">rismg</subfield>
      </datafield>
      <datafield tag="043" ind1=" " ind2=" ">
         <subfield code="c">XA-BE</subfield>
      </datafield>
      <datafield tag="110" ind1="1" ind2=" ">
         <subfield code="a">Stadsarchief Oudenaarde</subfield>
         <subfield code="c">Oudenaarde</subfield>
         <subfield code="g">B-OUsta</subfield>
      </datafield>
      <datafield tag="368" ind1=" " ind2=" ">
         <subfield code="a">Institution</subfield>
         <subfield code="a">Library</subfield>
         <subfield code="a">Archive</subfield>
      </datafield>
      <datafield tag="371" ind1=" " ind2=" ">
         <subfield code="a">Abdij Maagdendale</subfield>
         <subfield code="a">Maagdendale 31</subfield>
         <subfield code="b">9700 Oudenaarde</subfield>
         <subfield code="c">Vlaanderen</subfield>
         <subfield code="d">Belgium</subfield>
         <subfield code="m">archief@oudenaarde.be</subfield>
         <subfield code="u">https://www.oudenaarde.be/nl/vrije-tijd/erfgoed-en-cultuur/stadsarchief</subfield>
         <subfield code="z">tel: +32 / (0)55 / 21 9700</subfield>
      </datafield>
      <datafield tag="551" ind1="1" ind2=" ">
         <subfield code="a">Oudenaarde</subfield>
         <subfield code="0">places/3903760</subfield>
      </datafield>
   </record>