
   <record>
      <leader>00000nz  a2200000nc 4500</leader>
      <controlfield tag="001">institutions/30006425</controlfield>
      <controlfield tag="003">DE-633</controlfield>
      <controlfield tag="005">20250728103659.0</controlfield>
      <controlfield tag="008">161109||||z|||a|||||||||||||||||n||||||d</controlfield>
      <datafield tag="024" ind1="7" ind2=" ">
         <subfield code="a">Q55129811</subfield>
         <subfield code="2">WKP</subfield>
      </datafield>
      <datafield tag="024" ind1="7" ind2=" ">
         <subfield code="a">B-TOb</subfield>
         <subfield code="q">siglum</subfield>
         <subfield code="2">rism</subfield>
      </datafield>
      <datafield tag="034" ind1="1" ind2=" ">
         <subfield code="d">5.4651477551919765</subfield>
         <subfield code="f">50.78082715559653</subfield>
      </datafield>
      <datafield tag="040" ind1=" " ind2=" ">
         <subfield code="a">DE-633</subfield>
         <subfield code="c">DE-633</subfield>
         <subfield code="e">rismg</subfield>
      </datafield>
      <datafield tag="043" ind1=" " ind2=" ">
         <subfield code="c">XA-BE</subfield>
      </datafield>
      <datafield tag="110" ind1="1" ind2=" ">
         <subfield code="a">Onze-Lieve-Vrouwbasiliek, Muziekcollectie</subfield>
         <subfield code="c">Tongeren-Borgloon</subfield>
         <subfield code="g">B-TOb</subfield>
      </datafield>
      <datafield tag="368" ind1=" " ind2=" ">
         <subfield code="a">Institution</subfield>
         <subfield code="a">Library</subfield>
      </datafield>
      <datafield tag="371" ind1=" " ind2=" ">
         <subfield code="a">Teseum</subfield>
         <subfield code="a">Museumkwartier 2</subfield>
         <subfield code="b">Tongeren-Borgloon</subfield>
         <subfield code="c">Vlaanderen</subfield>
         <subfield code="d">Belgium</subfield>
         <subfield code="e">3700</subfield>
         <subfield code="u">https://teseum.be/</subfield>
         <subfield code="z">tel: +32 / 12 80 02 28</subfield>
      </datafield>
      <datafield tag="410" ind1=" " ind2=" ">
         <subfield code="a">Onze-Lieve-Vrouw-Kerk</subfield>
      </datafield>
      <datafield tag="410" ind1=" " ind2=" ">
         <subfield code="a">Teseum</subfield>
      </datafield>
      <datafield tag="551" ind1="1" ind2=" ">
         <subfield code="a">Tongeren-Borgloon</subfield>
         <subfield code="0">places/3904772</subfield>
      </datafield>
      <datafield tag="667" ind1=" " ind2=" ">
         <subfield code="a">Published sources: 1</subfield>
      </datafield>
      <datafield tag="680" ind1="1" ind2=" ">
         <subfield code="a">Het Teseum is een geconserveerde archeologische site en een museum van religieuze kunst in de Belgische stad Tongeren-Borgloon. Het museum werd in 2016 geopend en omvat onder andere de meer dan duizend jaar oude schatkamer van de Onze-Lieve-Vrouwebasiliek. Het Teseum is fysiek onderdeel van de basiliek.</subfield>
      </datafield>
   </record>