
   <record>
      <leader>00000nz  a2200000nc 4500</leader>
      <controlfield tag="001">institutions/30060512</controlfield>
      <controlfield tag="003">DE-633</controlfield>
      <controlfield tag="005">20250728103857.0</controlfield>
      <controlfield tag="008">161109||||z|||a|||||||||||||||||n||||||d</controlfield>
      <datafield tag="024" ind1="7" ind2=" ">
         <subfield code="a">B-TOekhc</subfield>
         <subfield code="q">siglum</subfield>
         <subfield code="2">rism</subfield>
      </datafield>
      <datafield tag="034" ind1="1" ind2=" ">
         <subfield code="d">5.471915188271418</subfield>
         <subfield code="f">50.78115395998522</subfield>
      </datafield>
      <datafield tag="040" ind1=" " ind2=" ">
         <subfield code="a">DE-633</subfield>
         <subfield code="c">DE-633</subfield>
         <subfield code="e">rismg</subfield>
      </datafield>
      <datafield tag="043" ind1=" " ind2=" ">
         <subfield code="c">XA-BE</subfield>
      </datafield>
      <datafield tag="110" ind1="1" ind2=" ">
         <subfield code="a">Koninklijke Harmonie Concordia Tongeren</subfield>
         <subfield code="c">Tongeren-Borgloon</subfield>
         <subfield code="g">B-TOekhc</subfield>
      </datafield>
      <datafield tag="368" ind1=" " ind2=" ">
         <subfield code="a">Institution</subfield>
         <subfield code="a">Archive</subfield>
         <subfield code="a">Library</subfield>
      </datafield>
      <datafield tag="371" ind1=" " ind2=" ">
         <subfield code="a">Leopoldwal 50</subfield>
         <subfield code="b">Tongeren-Borgloon</subfield>
         <subfield code="c">Vlaanderen</subfield>
         <subfield code="d">Belgium</subfield>
         <subfield code="e">3700</subfield>
         <subfield code="m">info@concordiatongeren.be</subfield>
         <subfield code="u">https://www.concordiatongeren.be/harmonie</subfield>
         <subfield code="z">tel: +32 / (012) / 23 23 76</subfield>
      </datafield>
      <datafield tag="410" ind1=" " ind2=" ">
         <subfield code="a">Muziekcollectie van de Koninklijke Harmonie Concordia</subfield>
      </datafield>
      <datafield tag="551" ind1="1" ind2=" ">
         <subfield code="a">Tongeren-Borgloon</subfield>
         <subfield code="0">places/3904772</subfield>
      </datafield>
      <datafield tag="667" ind1=" " ind2=" ">
         <subfield code="a">Published sources: 1192</subfield>
      </datafield>
   </record>