
   <record>
      <leader>00000nz  a2200000nc 4500</leader>
      <controlfield tag="001">institutions/30080614</controlfield>
      <controlfield tag="003">DE-633</controlfield>
      <controlfield tag="005">20250620052132.0</controlfield>
      <controlfield tag="008">161109||||z|||a|||||||||||||||||n||||||d</controlfield>
      <datafield tag="024" ind1="7" ind2=" ">
         <subfield code="a">140121847</subfield>
         <subfield code="2">VIAF</subfield>
      </datafield>
      <datafield tag="024" ind1="7" ind2=" ">
         <subfield code="a">Q2860442</subfield>
         <subfield code="2">WKP</subfield>
      </datafield>
      <datafield tag="024" ind1="7" ind2=" ">
         <subfield code="a">B-Ta</subfield>
         <subfield code="q">siglum</subfield>
         <subfield code="2">rism</subfield>
      </datafield>
      <datafield tag="034" ind1="1" ind2=" ">
         <subfield code="d">3.380935282032204</subfield>
         <subfield code="f">50.60929943595739</subfield>
      </datafield>
      <datafield tag="040" ind1=" " ind2=" ">
         <subfield code="a">DE-633</subfield>
         <subfield code="c">DE-633</subfield>
         <subfield code="e">rismg</subfield>
      </datafield>
      <datafield tag="043" ind1=" " ind2=" ">
         <subfield code="c">XA-BE</subfield>
      </datafield>
      <datafield tag="110" ind1="1" ind2=" ">
         <subfield code="a">Archives de l'État à Tournai</subfield>
         <subfield code="c">Tournai</subfield>
         <subfield code="g">B-Ta</subfield>
      </datafield>
      <datafield tag="368" ind1=" " ind2=" ">
         <subfield code="a">Institution</subfield>
         <subfield code="a">Archive</subfield>
         <subfield code="a">Library</subfield>
      </datafield>
      <datafield tag="371" ind1=" " ind2=" ">
         <subfield code="a">Rue des Augustins, 20</subfield>
         <subfield code="b">Tournai</subfield>
         <subfield code="c">Région wallonne</subfield>
         <subfield code="d">Belgium</subfield>
         <subfield code="e">7500</subfield>
         <subfield code="m">archives.tournai@arch.be</subfield>
         <subfield code="u">https://www.arch.be/index.php?l=fr&amp;m=en-pratique&amp;r=nos-salles-de-lecture&amp;d=tournai</subfield>
         <subfield code="z">tel: +32 / (0)69 / 22 53 76</subfield>
      </datafield>
      <datafield tag="551" ind1="1" ind2=" ">
         <subfield code="a">Tournai</subfield>
         <subfield code="0">places/3902909</subfield>
      </datafield>
   </record>